%%%%%%%%%
%
% 引用文献
%

@inproceedings{Turney,
  author = {P.Turney},
  title = {Thumbs up or thumbs down ? Semantic orientation applied to unsupervised classification of reviews},
  booktitle = {Proceedings of ACL},
  year = {2012}
}
@inproceedings{Pang,
  author = {B.Pang and L.Lee},
  title = {Thumbs up ? Sentiment classification using Machine Learning techniques},
  booktitle = {Proceedings of EMNLP},
  year = {2002}
}
@inproceedings{Brooke,
  author = {J.Brooke et al.},
  title = {Cross-Linguistic Sentiment Analysis:From English to Spanish},
  booktitle = {Proceedings of RANLP},
  year = {2009}
}
@misc{twitter_api_placeid,
  author = {},
  title = {https://dev.twitter.com/rest/reference/get/geo/id/%3Aplace_id},
  year = {}
}
@article{semanticsimilarity,
  author = {横手 健一 and ボレガラ ダヌシカ and 石塚 満},
  yomi = {Yokote},
  title = {テキスト含意認識に有効な意味的類似度変換及びその獲得法},
  journal = {人工知能学会論文誌},
  pages = {220-229},
  year = {2013}
}

@techreport{alignment,
  author = {水野 淳太 and 後藤 隼人 and 渡邉 陽太郎 and 村上 浩司 and 乾 健太郎 and 松本 祐治},
  yomi = {Mizuno},
  title = {文間関係認識のための局所構造アライメント},
  institution = {情報処理学会研究報告},
  pages = {1234-1241},
  year = {2010}
}

@book{NLP,
  author = {Steven Bird and Ewan Klein and Edward Loper},
  title = {入門自然言語処理},
  year = {2010},
  publisher = {O'REILLY}
}
@misc{uk_referendum,
  author = {},
  title = {http://www.bbc.com/news/uk-politics-36616028},
  year = {2016}
}
@misc{us_map,
  author = {},
  title = {http://www.bbc.com/news/election-us-2016-37889032},
  year = {2016}
}
@article{psychology1,
  author = {Panos Athanasopoulos et. al},
  title = {Two Languages, Two Minds},
  journal = {Psychological Science},
  pages = {},
  year = {2014}
}
@article{psychology2,
  author = {Boaz Keysar et. al},
  title = {The Foreign-Language Effect},
  journal = {Psychological Science},
  pages = {},
  year = {2011}
}
@inproceedings{movie_review,
  author = {Hatem Ghorbel et. al},
  title = {Sentiment Analysis of French Movie Reviews},
  booktitle = {Proceedings of the 31st International Conference on Machine Learning},
  year = {2014}
}
@misc{us_election,
  author = {},
  title = {http://www.cnn.co.jp/tech/35092265.html},
  year = {2016}
}
@misc{emoji,
  author = {},
  title = {http://www.adweek.com/socialtimes/report-92-of-online-consumers-use-emoji-infographic/627521},
  year = {}
}
@misc{twitter_user,
  author = {},
  title = {https://www.statista.com/statistics/282087/number-of-monthly-active-twitter-users/},
  year = {}
}
@misc{facebook_user,
  author = {},
  title = {https://zephoria.com/top-15-valuable-facebook-statistics/},
  year = {}
}
@misc{japan_twitter,
  author = {},
  title = {http://fortune.com/2016/02/19/twitter-facebook-japan/},
  year = {}
}
